%AAAAAAAAAAAAAAAAAAAAAAAAA
@inproceedings{Alvarez2000,
	author    = {Jordi Alvarez},
	title     = {A Formal Framework for Theory Learning Using Description Logics},
	booktitle = {ILP Work-in-progress reports},
	volume    = {35},
	year      = {2000},
	publisher = {CEUR-WS.org}
}

@incollection{Auer2007,
	author={Auer, S\"{o}ren and Bizer, Christian and Kobilarov, Georgi and Lehmann, Jens and Cyganiak, Richard and Ives, Zachary},
	title={DBpedia: A Nucleus for a Web of Open Data},
	booktitle={The Semantic Web},
	volume={4825},
	series={Lecture Notes in Computer Science},
	publisher={Springer Berlin Heidelberg},
	pages={722--735},
	year={2007}
}

%BBBBBBBBBBBBBBBBBBBBBBBBB
@article{Baader2001,
  author    = {Franz Baader and Ulrike Sattler},
  title     = {An Overview of Tableau Algorithms for Description Logics},
  journal   = {Studia Logica},
  volume    = {69},
  number    = {1},
  pages     = {5--40},
  year      = {2001}
}

@incollection{Baader2003,
	author    = {Franz Baader and Werner Nutt},
	title     = {Basic Description Logics},
	booktitle = {Description Logic Handbook},
	year      = {2003},
	publisher = {Cambridge University Press},	
	pages     = {43--95}
}

@inproceedings{Badea2000,
	author 	= {Badea, Liviu and Nienhuys-Cheng, Shan-Hwei},
	title 	= {A Refinement Operator for Description Logics},
	booktitle = {Proceedings of the 10th International Conference on Inductive Logic Programming},
	series 	= {ILP'2000},
	year 	= {2000},
	pages 	= {40--59},
	publisher = {Springer-Verlag}
} 

@incollection{Baldoni1998,
	author	={Baldoni, Matteo and Giordano, Laura and Martelli, Alberto},
	title	={A Tableau Calculus for Multimodal Logics and Some (Un)Decidability Results},
	booktitle={Automated Reasoning with Analytic Tableaux and Related Methods},
	series	={Lecture Notes in Computer Science},
	editor	={Swart, Harrie},
	publisher={Springer Berlin Heidelberg},
	pages	={44--59},
	volume	={1397},
	year	={1998}
}

@book{Benthem1983,
	title	={Modal Logic and Classical Logic},
	author 	= {Johan van Benthem},
	series	={Indices. Monographs in philosophical logic and formal linguistics},
	year	={1983},
	publisher={Bibliopolis}
}

@incollection{Benthem1984,
	author={Johan van Benthem},
	title={Correspondence Theory},
	booktitle={Handbook of Philosophical Logic},
	volume={165},
	series={Synthese Library},
	editor={Gabbay, D. and Guenthner, F.},
	publisher={Springer Netherlands},
	pages={167--247},
	year={1984}
}

@book{Benthem2010,
	author	= {Johan van Benthem},
	title	= {Modal Logic for Open Minds},
	isbn	= {978-1575865997},
	publisher = {Center for the Study of Language and Inf},
	year	= {2010}
}

@incollection{Benthem2001,
	author	= {Johan van Benthem},
	title	= {Correspondence Theory},
	booktitle= {Handbook of Philosophical Logic},
	volume	= {3},
	edition	= {second},
	editor	= {Dov M. Gabbay and Franz Guenthner},
	publisher= {Springer-Science},
	pages	= {325--408},
	year	= {2001}
}

@book{Blackburn2001,
	author	= {Blackburn, Patrick and de Rijke, Maarten and Venema, Yde},
	title	= {Modal Logic},
	isbn	= {978-0-521-52714-9},
	number	= 53,
	publisher = {Cambridge University Press},
	series	= {Cambridge Tracts in Theoretical Computer Science},
	year	= {2001}
}

@book{Blackburn2006,
	author	= {Patrick Blackburn and Johan van Benthem and Frank Wolter},
	title	= {Handbook of Modal Logic},
	isbn	= {978-0444516909},
	vol		= {53},
	publisher = {Elsevier Science},
	year	= {2006}
}

@article{Brachman1986,
	author	= {Ronald J. Brachman and James G. Schmolze},
	title	= {An Overview of the \textsc{KL-one} Knowledge Representation System},
	year	= {1986},
	journal	= {Cognitive Science},
	volume	= {9},
	number	= {2},
	pages	= {171--216}
}

@inproceedings{Schmolze1983,
	author	= {James G. Schmolze and Thomas A. Lipkis},
	title   = {Classification in the \textsc{KL-one} Knowledge Representation System},
	booktitle = {Proceedings of IJCAI'1983},
	editor  = {Alan Bundy},
	publisher = {William Kaufmann},
	year    = {1983},
	pages   = {330--332}
}

%CCCCCCCCCCCCCCCCCCCCCCCCC
@INPROCEEDINGS{Carsten2011,
	author	= {Lutz, Carsten and Piro, Robert and Wolter, Frank},
	title	= {Description Logic TBoxes: Model-Theoretic Characterizations and Rewritability},
	booktitle = {IJCAI},
	year	= {2011},
	pages	= {983--988}
}

@misc{Cattral2002,
	author 	= {Robert Cattral and Franz Oppacher and Dwight Deugo}, 
	title	= {Evolutionary data mining with automatic rule generalization},
	booktitle = {Recent Advances in Computers, Computing and Communications},
	pages	= {296-300},
	year	= {2002},
	publisher = {WSEAS}
}

@incollection{Chang2007,
	title={A Dynamic Description Logic for Representation and Reasoning About Actions},
	author={Liang Chang and Fen Lin and Zhongzhi Shi},
	booktitle={Knowledge Science, Engineering and Management},
	volume={4798},
	series={Lecture Notes in Computer Science},
	editor={Zhang, Zili and Siekmann, Jörg},
	year={2007},
	pages={115--127},
	publisher={Springer Berlin Heidelberg}
}

@inproceedings{Cohen1992,
	author	= {William W. Cohen and Alexander Borgida and Haym Hirsh},
	title   = {Computing Least Common Subsumers in Description Logics},
	booktitle = {Proceedings of AAAI},
	year    = {1992},
	pages   = {754--760},
	publisher = {The MIT Press}
}

@inproceedings{Cohen1994,
	author  = {William W. Cohen and Haym Hirsh},
	title   = {Learning the \textsc{Classic} Description Logic: Theoretical and Experimental Results},
	booktitle = {Proceedings of KR'1994},
	year    = {1994},
	pages   = {121--133}
}

%DDDDDDDDDDDDDDDDDDDDDDDDD

@inproceedings{dAmato2013,
	author	= {Claudia d'Amato and Nicola Fanizzi and Floriana Esposito and Thomas Lukasiewicz},
	title   = {Representing Uncertain Concepts in Rough Description Logics via Contextual Indiscernibility Relations},
	booktitle = {URSW (LNCS Vol.)},
	year    = {2013},
	pages   = {300--314}
}

@article{Divroodi2011,
  author    = {Ali Rezaei Divroodi and
               Linh Anh Nguyen},
  title     = {On Bisimulations for Description Logics (long version~3, 16 Jul 2011)},
  journal   = {CoRR},
  volume    = {abs/1104.1964},
  year      = {2011},
  ee        = {http://arxiv.org/abs/1104.1964}
}

@inproceedings{Divroodi2011B,
	author    = {Ali Rezaei Divroodi and Linh Anh Nguyen},
	title     = {On Bisimulations for Description Logics},
	booktitle = {Proceedings of CS\&P'2011},
	pages     = {99--110}, 
	year      = {2011}
}

@article{Divroodi2014,
	author    = {Ali Rezaei Divroodi and
	Linh Anh Nguyen},
	title     = {On Bisimulations for Description Logics (long version~5, 16 Apr 2014)},
	journal   = {CoRR},
	volume    = {abs/1104.1964},
	year      = {2014},
	ee        = {http://arxiv.org/abs/1104.1964}
}

@article{Divroodi2015,
	author    = {Ali Rezaei Divroodi and
	Linh Anh Nguyen},
	title     = {On bisimulations for description logics},
	journal   = {Inf. Sci.},
	volume    = {295},
	pages     = {465--493},
	year      = {2015}
}


@inproceedings{Divroodi2013,
	author={Divroodi, Ali Rezaei and Ha, Quang-Thuy and Nguyen, Linh Anh and Nguyen, Hung Son},
	title={On {C}-Learnability in Description Logics},
	booktitle={Proceedings of ICCCI'2012 (1)},
	volume={7653},
	series={LNCS},
	publisher={Springer},
	pages={230--238},
	year={2012}
}

@phdthesis{Distel2011,
	author	= {Felix Distel},
	title   = {Learning Description Logic Knowledge Bases from Data Using Methods from Formal Concept Analysis},
	school  = {Dresden University of Technology},
	year    = {2011}
}

@proceedings{DLHandbook2007,
 	editor  = {Franz Baader and
               Diego Calvanese and
               Deborah L. McGuinness and
               Daniele Nardi and
               Peter F. Patel-Schneider},
	title   = {The Description Logic Handbook: Theory, Implementation, and Applications},
	booktitle = {Description Logic Handbook},
	publisher = {Cambridge University Press},
	year    = {2010},
	edition = {second}
}

@misc{Zolin2014,
	author 	= {Evgeny Zolin},
	title	={Complexity of reasoning in Description Logics},
    howpublished = {\url{http://www.cs.man.ac.uk/~ezolin/dl/}},
	url 	= {http://www.cs.man.ac.uk/~ezolin/dl/},
	year 	= {2014},
    note 	= {[Online; accessed 18-October-2014]},
}

%EEEEEEEEEEEEEEEEEEEEEEEEE

%FFFFFFFFFFFFFFFFFFFFFFFFF

@inproceedings{Fanizzi2004,
  author    = {Nicola Fanizzi and
               Stefano Ferilli and
               Luigi Iannone and
               Ignazio Palmisano and
               Giovanni Semeraro},
  title     = {Downward Refinement in the $\mathcal{ALN}$ Description Logic},
  booktitle = {Proceedings of HIS'2004},
  publisher = {IEEE Computer Society},
  year      = {2004},
  pages     = {68--73}
}

@inproceedings{Fanizzi2008,
	author 	= {Fanizzi, Nicola and d'Amato, Claudia and Esposito, Floriana},
	title 	= {{DL-FOIL} Concept Learning in Description Logics},
	booktitle = {Proceedings of ILP'2008},
	series = {LNCS},
	year = {2008},
	pages = {107--121},
	publisher = {Springer-Verlag}
} 

@inproceedings{Fanizzi2010,
	author	= {Fanizzi, Nicola and d'Amato, Claudia and Esposito, Floriana},
	title	= {Towards the Induction of Terminological Decision Trees},
	booktitle = {Proceedings of the 2010 ACM Symposium on Applied Computing},
	series 	= {SAC'2010},
	year 	= {2010},
	pages 	= {1423--1427},	
	publisher = {ACM}
} 

@article{Fischer1979,
	author = {Michael J. Fischer and Richard E. Ladner},
	title = {Propositional dynamic logic of regular programs},
	journal = {Journal of Computer and System Sciences},
	volume = {18},
	number = {2},
	pages = {194--211},
	year = {1979}
}

@article{Frazier1996,
	author	= {Frazier, Michael and Pitt, Leonard},
	title	= {Classic learning},
	year	= {1996},
	issn	= {0885-6125},
	journal	= {Machine Learning},
	volume	= {25},
	number	= {2-3},
	publisher= {Kluwer Academic Publishers},
	pages	= {151--193}
}

%GGGGGGGGGGGGGGGGGGGGGGGGG

@INPROCEEDINGS{Giacomo1994,
    author = {Giuseppe De Giacomo and Maurizio Lenzerini},
    title = {Boosting the correspondence between description logics and propositional dynamic logics},
    booktitle = {In Proceedings of AAAI’94},
    year = {1994},
    pages = {205--212},
    publisher = {AAAI Press}
}

@inproceedings{Golinska2013,
  author    = {Joanna Goli\'nska-Pilarek and Linh Anh Nguyen},
  title     = {An ExpTime Tableau Method for Dealing with Nominals and Quantified Number Restrictions in Deciding the Description Logic $\mathcal{SHOQ}$},
  booktitle = {Proceedings of CEUR Workshop},
  series    = {CSP'2013},
  pages     = {296--308},
  publisher = {CEUR ws.org},
  year      = {2013}
}

%HHHHHHHHHHHHHHHHHHHHHHHHH

@inproceedings{Ha2012,
	author 	= {Ha, Quang-Thuy and Hoang, Thi-Lan-Giao and Nguyen, Linh Anh and Nguyen, Hung Son and Sza{\l}as, Andrzej and Tran, Thanh-Luong},
	title 	= {A Bisimulation-based Method of Concept Learning for Knowledge Bases in Description Logics},
	booktitle = {Proceedings of the Third Symposium on Information and Communication Technology},
	series	= {SoICT'2012},
	year	= {2012},
	pages	= {241--249},
	publisher = {ACM}
}

@incollection{Haarslev2000,
	author	={Haarslev, Volker and Möller, Ralf},
	booktitle={Automated Reasoning with Analytic Tableaux and Related Methods},
	title	= {Consistency Testing: The RACE Experience},
	volume	= {1847},
	series	= {LNCS},
	editor	= {Dyckhoff, Roy},
	year	= {2000},
	publisher = {Springer Berlin Heidelberg},
	pages	= {57--61}
}

@mastersthesis{Hellmann2008,
  author    = {Sebastian Hellmann},
  title     = {Comparison of Concept Learning Algorithms (With Emphasis on Ontology Engineering for the {Semantic Web})},
  school    = {Leipzig University},
  year      = {2008}
}

@article{Hennessy1985,
	author = {Hennessy, Matthew and Milner, Robin},
	title = {Algebraic Laws for Nondeterminism and Concurrency},
	journal = {Journal of the ACM},
	volume = {32},
	number = {1},
	year = {1985},
	pages = {137--161},
	numpages = {25},
	publisher = {ACM}
} 

@incollection{Hollunder1990,
	author={Hollunder, Bernhard},
	title={Hybrid Inferences in KL-ONE-based Knowledge Representation Systems},
	booktitle={GWAI-90 14th German Workshop on Artificial Intelligence},
	volume={251},
	series={Informatik-Fachberichte},
	editor={Marburger, Heinz},
	publisher={Springer Berlin Heidelberg},
	pages={38--47},
	year={1990}
}

@techreport{Hollunder1991,
	author = {Bernhard Hollunder and Franz Baader},
	title = {Qualifying number restrictions in concept languages}, booktitle = {Technical Report RR-91-03},
	year = {1991}
}

@techreport{Hopcroft1971,
	author 	= {Hopcroft, John E.},
	title 	= {An N Log N Algorithm for Minimizing States in a Finite Automaton},
	year 	= {1971},
	publisher = {Stanford University}
}

@article{Horrocks1999,
  author    = {Ian Horrocks and
               Ulrike Sattler},
  title     = {A Description Logic with Transitive and Inverse Roles and
               Role Hierarchies},
  journal   = {J. Log. Comput.},
  volume    = {9},
  number    = {3},
  year      = {1999},
  pages     = {385--410},
}

@article{Horrocks2000,
  author    = {Ian Horrocks and Ulrike Sattler and Stephan Tobies},
  title     = {Practical Reasoning for Very Expressive Description Logics},
  journal   = {Logic Journal of the IGPL},
  volume    = {8},
  number    = {3},
  year      = {2000},
  pages     = {239--263},
}

@inproceedings{Horrocks2000B,
	author = {Horrocks, Ian and Sattler, Ulrike and Tobies, Stephan},
	title = {Reasoning with Individuals for the Description Logic $\mathcal{SHIQ}$},
	booktitle = {Proceedings CADE-17},
	series = {LNCS},
	volume = {2000},
	year = {2000},
	pages = {482--496},
	publisher = {Springer-Verlag}
} 

@misc{Horrocks2003,
	author={Horrocks, Ian},
	title={The FaCT System},
    howpublished = {\url{http://www.cs.man.ac.uk/~horrocks/FaCT/}},
	url = {http://www.cs.man.ac.uk/~horrocks/FaCT/},
	year = {2003},
    note = {[Online; accessed 10-April-2014]}
}

@article{Horrocks2003B,
  author    = {Ian Horrocks and
               Peter F. Patel-Schneider and
               Frank van Harmelen},
  title     = {From $\mathcal{SHIQ}$ and {RDF} to {OWL}: the making of a Web Ontology Language},
  journal   = {Journal Web Semantics},
  volume    = {1},
  number    = {1},
  year      = {2003},
  pages     = {7--26}
}

@incollection{Horrocks2005,
	author={Horrocks, Ian},
	title={{OWL}: A Description Logic Based Ontology Language},
	booktitle={Proceedings of CP'2005},
	year={2005},
	series={LNCS},
	publisher={Springer Berlin Heidelberg},
	pages={5--8}
}

@inproceedings{Horrocks2006,
	author = {Ian Horrocks and Oliver Kutz and Ulrike Sattler},
	title = {The even more irresistible $\mathcal{SROIQ}$},
	booktitle = {KR},
	year = {2006},
	pages = {57--67},
	publisher = {AAAI Press}
}

@incollection{Horrocks2007,
    author = {Ian Horrocks and Peter F. Patel-Schneider and Deborah L. Mcguinness and Christopher A. Welty},
    title = {{OWL}: a Description Logic Based Ontology Language for the Semantic Web},
	booktitle = {The Description Logic Handbook: Theory, Implementation, and Applications},
	pages  = {458--486},
	publisher = {Cambridge University Press},
	year = {2007}
}

@article{Horrocks2007B,
  author    = {Ian Horrocks and
               Ulrike Sattler},
  title     = {A Tableau Decision Procedure for $\mathcal{SHOIQ}$},
  journal   = {J. Autom. Reasoning},
  volume    = {39},
  number    = {3},
  year      = {2007},
  pages     = {249--276},
}

@misc{Horrocks2012,
	author = {Horrocks, Ian},
	title = {HermiT: Reasoning with Large Ontologies},
	howpublished = {\url{http://www.cs.ox.ac.uk/projects/HermiT/index.html}},
	year = {2012},
    note = {[Online; accessed 10-April-2014]}
}


@article{Huang2014,
  author    = {Yi Huang and
               Volker Tresp and
               Maximilian Nickel and
               Achim Rettinger and
               Hans-Peter Kriegel},
  title     = {A scalable approach for statistical learning in semantic graphs},
  journal   = {Semantic Web},
  volume    = {5},
  number    = {1},
  year      = {2014},
  pages     = {5--22}
}

%IIIIIIIIIIIIIIIIIIIIIIIII

@article{Iannone2007,
	author 	= {Iannone, Luigi and Palmisano, Ignazio and Fanizzi, Nicola},
	title 	= {An Algorithm Based on Counterfactuals for Concept Learning in the Semantic Web},
	journal = {Applied Intelligence},
	volume 	= {26},
	number 	= {2},
	year 	= {2007},
	pages 	= {139--159},
	publisher = {Kluwer Academic Publishers}
}

%JJJJJJJJJJJJJJJJJJJJJJJJJ

%KKKKKKKKKKKKKKKKKKKKKKKKK

@inproceedings{Kietz2003,
	author 	= {Kietz, J\"{o}rg-Uwe},
	title 	= {Learnability of Description Logic Programs},
	booktitle = {Proceedings of the 12th International Conference on Inductive Logic Programming},
	series 	= {ILP'2002},
	year 	= {2003},
	location = {Sydney, Australia},
	pages 	= {117--132},
	publisher = {Springer-Verlag}
}

@INPROCEEDINGS{Konstantopoulos2010,
	author	= {Konstantopoulos, Stasinos and Charalambidis, Angelos}, 
	booktitle = {Fuzzy Systems (FUZZ), 2010 IEEE International Conference on}, 
	title	= {Formulating description logic learning as an Inductive Logic Programming task}, 
	year	= {2010}, 
	pages	= {1--7}
}

@article{Kurtonina1999,
	author	= {Natasha Kurtonina and Maarten De Rijke},
	title	= {Expressiveness of Concept Expressions in First-order Description Logics},
	journal	= {Artif. Intell.},
	volume	= {107},
	number	= {2},
	year	= {1999},
	pages	= {303--333},
	publisher= {Elsevier Science Publishers Ltd.}
} 

%LLLLLLLLLLLLLLLLLLLLLLLLL

@inproceedings{Lambrix1996,
	author	= {Patrick Lambrix and Jalal Maleki},
	title	= {Learning Composite Concepts in Description Logics: A First Step},
	booktitle = {Proceedings of the 9th International Symposium on Foundations of Intelligent Systems},
	series 	= {ISMIS'1996},
	year 	= {1996},
	pages 	= {68--77},
	publisher = {Springer-Verlag}
} 

@inproceedings{Lambrix1998,
	author    = {Patrick Lambrix and Pierpaolo Larocchia},
	title     = {Learning Composite Concepts},
	booktitle = {Proceedings of DL'1998},
	year      = {1998}
}

@MastersThesis{Lehmann2006,
	author	= {Jens Lehmann},
	title	= {Concept Learning in Description Logics},
	school	= {Dresden University of Technology},
	year	= {2006},
	address	= {Germany}
}

@inproceedings{Lehmann2007,
	author	= {Jens Lehmann and Pascal Hitzler},
	title	= {A Refinement Operator Based Learning Algorithm for the $\mathcal{ALC}$ Description Logic},
	booktitle	= {Proceedings of ILP'2007},
	year	= {2008},
	pages	= {147--160},
	numpages = {14},
	publisher = {Springer-Verlag},
} 

@article{Lehmann2010,
	author 	= {Jens Lehmann and Pascal Hitzler},
	title 	= {Concept Learning in Description Logics Using Refinement Operators},
	journal	= {Machine Learning},
	volume 	= {78},
	number	= {1-2},
	year	= {2010},
	pages	= {203--250},
	publisher = {Kluwer Academic Publishers}
} 

@inproceedings{Lisi2012,
	author    = {Francesca Alessandra Lisi},
	title     = {A Formal Characterization of Concept Learning in Description Logics},
	booktitle = {Description Logics},
	publisher = {CEUR-WS.org},
	year      = {2012}
}

@inproceedings{Lisi2012B,
	author    = {Francesca Alessandra Lisi},
	title     = {A Declarative Modeling Language for Concept Learning in
               Description Logics},
	booktitle = {Proceedings of ILP'2012},
	year      = {2012},
	pages     = {151--165},
	publisher = {Springer}
}

@inproceedings{Lisi2013,
	author    = {F. A. Lisi and U. Straccia},
	title     = {A System for Learning {GCI} Axioms in Fuzzy Description Logics},
	booktitle = {Description Logics},
	publisher = {CEUR-WS.org},
	year      = {2013},
	pages     = {760--778}
}

%MMMMMMMMMMMMMMMMMMMMMMMMM
@inproceedings{Ma2013,
	author	= {Yue Ma and Felix Distel},
	title	= {Concept Adjustment for Description Logics},
	booktitle = {Proceedings of the Seventh International Conference on Knowledge Capture},
	series	= {K-CAP'2013},
	year	= {2013},
	pages	= {65--72},
	numpages = {8},
	publisher = {ACM}
} 

@book{Mitchell1997,
	author	= {Mitchell, Thomas M.},
	title	= {Machine Learning},
	year	= {1997},
	edition	= {first},
	publisher = {McGraw-Hill, Inc.}
}

@article{Minski1974,
	author	= {Marvin Minsky},
	title	= {A framework for representing knowledge},
	journal	= {Artificial intelligence memo},
	year	= {1974},
	publisher = {Massachusetts Institute of Technology},
	address	= {Cambridge, MA, USA}
}

@article{Mishra2011,
	author	= {Ravi Bhushan Mishra and Sandeep Kumar},
	title	= {Semantic Web Reasoners and Languages},
	journal	= {Artif. Intell. Rev.},
	volume	= {35},
	number	= {4},
	year	= {2011},
	pages	= {339--368},
	numpages = {30},
	publisher = {Kluwer Academic Publishers}
}

@inproceedings{Montanari1997,
	author = {Angelo Montanari and Alberto Policriti},
	title = {A Set-Theoretic Approach to Automated Deduction in Graded Modal Logics},
	booktitle = {Proceedings of the 15th IJCAI},
	year = {1997},
	pages = {196--201},
	publisher = {Morgan Kaufmann}
}

@inproceedings{Motik2006,
	author	= {Motik, Boris and Sattler, Ulrike},
	title	= {A Comparison of Reasoning Techniques for Querying Large Description Logic ABoxes},
	booktitle = {Proceedings of LPAR'06},
	year	= {2006},
	pages	= {227--241},
	numpages = {15},
	publisher = {Springer-Verlag}
} 

%NNNNNNNNNNNNNNNNNNNNNNNNN

@inproceedings{Nardi2003,
	author    = {Daniele Nardi and Ronald J. Brachman},
	title     = {An Introduction to Description Logics},
	booktitle = {Description Logic Handbook},
	year      = {2003},
	pages     = {1--40}
}

@article{Nguyen2009,
  author    = {Linh Anh Nguyen},
  title     = {An Efficient Tableau Prover using Global Caching for the Description Logic $\mathcal{ALC}$},
  journal   = {Fundam. Inform.},
  volume    = {93},
  number    = {1-3},
  year      = {2009},
  pages     = {273--288}
}

@incollection{Nguyen2010,
	author	= {Nguyen, Linh Anh and Sza{\l}as, Andrzej},
	title	= {Tableaux with Global Caching for Checking Satisfiability of a Knowledge Base in the Description Logic $\mathcal{SH}$},
	booktitle = {Transactions on Computational Collective Intelligence},
	editor	= {Nguyen, Ngoc Thanh and Kowalczyk, Ryszard},
	volume	= {1},
	year	= {2010},
	pages	= {21--38},
	publisher = {Springer-Verlag}
} 

@inproceedings{Nguyen2011,
  author    = {Linh Anh Nguyen},
  title     = {A Cut-Free {ExpTime} Tableau Decision Procedure 
               for the Description Logic $\mathcal{SHI}$},
  booktitle = {Proceedings of ICCCI'2011 (1)},
  series    = {LNCS},
  volume    = {6922},
  pages     = {572--581},
  publisher = {Springer},
  year      = {2011}
}

@inproceedings{Nguyen2011B,
	author	= {Nguyen, Linh Anh},
	title	= {Cut-free Exptime Tableaux for Checking Satisfiability of a Knowledge Base in the Description Logic $\mathcal{ALCI}$},
	booktitle = {Proceedings of ISMIS'2011},
	series	= {LNCS},
	volume	= {6804},
	year	= {2011},
	pages	= {465--475},
	publisher = {Springer-Verlag}
}

@inproceedings{Nguyen2011C,
	author	= {Nguyen, Linh Anh},
	title	= {A Cut-free Exptime Tableau Decision Procedure for the Description Logic $\mathcal{SHI}$},
	booktitle = {Proceedings of ICCCI'2011},
	series	= {LNCS},
	volume	= {6922},
	year	= {2011},
	pages	= {572--581},
	publisher = {Springer-Verlag}
} 

@inproceedings{Nguyen2013B,
	author    = {Linh Anh Nguyen},
	title     = {A Tableau Method with Optimal Complexity for Deciding the Description Logic $\mathcal{SHIQ}$},
	booktitle = {Proceedings of ICCSAMA'2013 (1)},
	series    = {Studies in Computational Intelligence},
	volume    = {479},
	pages     = {331--342},
	publisher = {Springer},
	year      = {2013}
}

@incollection{Nguyen2013,
	author    = {Linh Anh Nguyen and
               Andrzej Sza{\l}as},
	title     = {Logic-Based Roughification},
	booktitle = {Rough Sets and Intelligent Systems (1)},
	year      = {2013},
	pages     = {517--543},
	publisher = {Springer}
}

%OOOOOOOOOOOOOOOOOOOOOOOOO

@online{OWL,
  author = {Sean Bechhofer and Frank van Harmelen and Jim Hendler and Ian Horrocks and Deborah L. McGuinness and Peter F. Patel-Schneider and Lynn Andrea Stein},
  title = {{OWL} Web Ontology Language Reference},
  howpublished = {\url{http://www.w3.org/TR/owl-ref/}},
  year = 2004,
  url = {http://www.w3.org/TR/owl-ref/},
  urldate = {10 February 2004}
}

@online{OWL2,
  author = {{W3C OWL Working Group}},
  title = {{OWL 2} Web Ontology Language Document Overview (Second Edition)},
  howpublished = {\url{http://www.w3.org/TR/owl2-overview/}},
  year = 2009,
  url = {http://www.w3.org/TR/owl2-overview/},
  urldate = {12 November 2009}
}

%PPPPPPPPPPPPPPPPPPPPPPPPP

@inproceedings{Park1981,
	 author = {Park, David},
	 title = {Concurrency and Automata on Infinite Sequences},
	 booktitle = {Proceedings of the 5th GI-Conference on Theoretical Computer Science},
	 year = {1981},
	 pages = {167--183},
	 numpages = {17},
	 publisher = {Springer-Verlag}
}

@article{Pawlak1981B,
	author 	= {Zdzislaw Pawlak},
	title 	= {Information systems theoretical foundations},
	journal = {Information Systems},
	volume 	= {6},
	number 	= {3},
	pages 	= {205--218},
	year 		= {1981}
}


@book{Pawlak1992,
	author 	= {Zdzislaw Pawlak},
	title	= {Rough Sets: Theoretical Aspects of Reasoning About Data},
	year 	= {1992},
	publisher	= {Kluwer Academic Publishers}
} 

@article{Pawlak2007,
	author	= {Zdzislaw Pawlak and Andrzej Skowron},
	title	= {Rudiments of rough sets},
	journal	= {Inf. Sci.},
	volume	= {177},
	number	= {1},
	year	= {2007},
	pages	= {3--27}
}

%QQQQQQQQQQQQQQQQQQQQQQQQQ

@article{Quillian1967,
    author = {M. Ross Quillian},
    journal = {Behavioral Science},
    number = {5},
    pages = {410--430},
    title = {Word concepts: a theory and simulation of some basic semantic capabilities.},
    volume = {12},
    year = {1967}
}

@article{Quinlan1986,
	author    = {J. Ross Quinlan},
	title     = {Induction of Decision Trees},
	journal   = {Machine Learning},
	volume    = {1},
	number    = {1},
	year      = {1986},
	pages     = {81--106}
}

@article{Quinlan1987,
	author    = {J. Ross Quinlan},
	title     = {Simplifying Decision Trees},
	journal   = {International Journal of Man-Machine Studies},
	volume    = {27},
	number    = {3},
	year      = {1987},
	pages     = {221--234}
}

@article{Quinlan1990,
	author = {Quinlan, J. R.},
	title = {Learning Logical Definitions from Relations},
	journal = {Mach. Learn.},
	volume = {5},
	number = {3},
	year = {1990},
	pages = {239--266},
	numpages = {28},
	publisher = {Kluwer Academic Publishers}
} 

%RRRRRRRRRRRRRRRRRRRRRRRRR
@inproceedings{Revoredo2010,
	author = {Kate Revoredo and Jos{\'e} Eduardo Ochoa-Luna and Fabio Gagliardi Cozman},
	title = {Learning Terminologies in Probabilistic Description Logics},
	booktitle = {Proceedings of Advances in Artificial Intelligence – SBIA'2010},
	year = {2010},
	pages = {41--50},
	numpages = {10},
	publisher = {Springer-Verlag}
} 

@article{Rouene2013,
  author    = {Mohamed Rouane Hacene and
               Marianne Huchard and
               Amedeo Napoli and
               Petko Valtchev},
  title     = {Relational concept analysis: mining concept lattices from
               multi-relational data},
  journal   = {Ann. Math. Artif. Intell.},
  volume    = {67},
  number    = {1},
  year      = {2013},
  pages     = {81--108}
}

@incollection{Rudolph2011,
	author={Rudolph, Sebastian},
	title={Foundations of Description Logics},
	booktitle={Reasoning Web. Semantic Technologies for the Web of Data},
	volume={6848},
	series={Lecture Notes in Computer Science},
	publisher={Springer Berlin Heidelberg},
	pages={76--136},
	year={2011}
}

%SSSSSSSSSSSSSSSSSSSSSSSSS

@misc{Sattler2014,
	author={Uli Sattler},
	title={Description logic reasoner},
	howpublished = {\url{http://www.cs.man.ac.uk/~sattler/reasoners.html}},
	url = {http://www.cs.man.ac.uk/~sattler/reasoners.html},
	year = {2014},
	note = {[Online; accessed 18-October-2014]}
}

@article{Schmidt1991,
	author 	= {Manfred Schmidt-Schaub{\ss} and Gert Smolka},
	title 	= {Attributive Concept Descriptions with Complements},
	journal = {Artif. Intell.},
	volume 	= {48},
	number 	= {1},
	year 	= {1991},
	pages 	= {1--26},
	publisher = {Elsevier Science Publishers Ltd.}
} 

@inproceedings{Schild1991,
	author 	= {Klaus Schild},
	title 	= {A Correspondence Theory for Terminological Logics: Preliminary Report},
	booktitle = {Proceedings of the 12th International Joint Conference on Artificial Intelligence - Volume 1},
	series 	= {IJCAI'91},
	year 	= {1991},
	pages = {466--471},
	publisher = {Morgan Kaufmann Publishers Inc.}
} 

@book{Serge1995,
	author    = {Serge Abiteboul and
           Richard Hull and
           Victor Vianu},
	title     = {Foundations of Databases},
	publisher = {Addison-Wesley},
	year      = {1995}
}

@article{Sen2008,
	author       = {Sen, Prithviraj and Namata, Galileo Mark and Bilgic, Mustafa and Getoor, Lise and Gallagher, Brian and Eliassi-Rad, Tina},
	title        = {Collective Classification in Network Data},
	journal      = {AI Magazine},
	number       = {3},
	volume       = {29},
	pages        = {93--106},
	year         = {2008}
}

@inproceedings{Sirin2004,
  author    = {Evren Sirin and Bijan Parsia},
  title     = {Pellet: An {OWL DL} Reasoner},
  publisher = {CEUR-WS.org},
  series    = {CEUR Workshop Proceedings},
  year      = {2004}
}

%TTTTTTTTTTTTTTTTTTTTTTTTT

@inproceedings{Tran2012,
	author	= {Tran, Thanh-Luong and Ha, Quang-Thuy and Hoang, Thi-Lan-Giao and Nguyen, Linh Anh and Nguyen, Hung Son and Sza{\l}as, Andrzej},
	title	= {Concept Learning for Description Logic-Based Information Systems},
	booktitle	= {Proceedings of the 2012 Fourth International Conference on Knowledge and Systems Engineering},
	series 	= {KSE'2012},
	year 	= {2012},
	pages 	= {65--73},
	publisher = {IEEE Computer Society}
} 

@inproceedings{Tran2013,
	author 	= {Tran, Thanh-Luong and Ha, Quang-Thuy and Hoang, Thi-Lan-Giao and Nguyen, Linh Anh and Nguyen, Hung Son},
	title 	= {Bisimulation-Based Concept Learning in Description Logics.},
	booktitle = {Proceedings of CS\&P'2013},
	pages 	= {421--433},
	publisher = {CEUR-WS.org},
	year = {2013}
}

@inproceedings{Tran2014,
  author    = {Thanh-Luong Tran and
               Linh Anh Nguyen and
               Thi-Lan-Giao Hoang},
  title     = {A Domain Partitioning Method for Bisimulation-Based Concept
               Learning in Description Logics},
  booktitle	= {Proceedings of ICCSAMA'2014},
  Volume	= {282},
  series	= {Advances in Intelligent Systems and Computing},
  year      = {2014},
  pages     = {297--312},
  publisher	= {Springer International Publishing}
}

@article{Tran2014B,
	author    = {Thanh-Luong Tran and
				Quang-Thuy Ha and
				Thi-Lan-Giao Hoang and
				Linh Anh Nguyen and
				Hung Son Nguyen},
	title     = {Bisimulation-Based Concept Learning in Description Logics},
	journal   = {Fundam. Inform.},
	year      = {2014},
	volume    = {133},
	number    = {2-3},
	pages     = {287--303}
}

%UUUUUUUUUUUUUUUUUUUUUUUUU

%VVVVVVVVVVVVVVVVVVVVVVVVV

%WWWWWWWWWWWWWWWWWWWWWWWWW

@misc{WebPockerHand,
	author 	= {K. Bache and M. Lichman},
	year 	= {2013},
	title 	= {UCI Machine Learning Repository},
	howpublished = {\url{http://archive.ics.uci.edu/ml}},
	url 	= {http://archive.ics.uci.edu/ml},
	institution = {University of California, Irvine, School of Information and Computer Sciences}
}

@book{Wu2009,
	author	= {Wu, Xindong and Kumar, Vipin},
	title	= {The Top Ten Algorithms in Data Mining},
	year	= {2009},
	edition	= {first},
	publisher = {Chapman \& Hall/CRC}
}

%XXXXXXXXXXXXXXXXXXXXXXXXX

%YYYYYYYYYYYYYYYYYYYYYYYYY


%ZZZZZZZZZZZZZZZZZZZZZZZZZ
